@Conference{SeminarioMunich,
 author    = "Sadhna Goyal",
 title     = "Major Seminar On Feature Driven Development",
 booktitle = "Technical University Munich",
 year      =  2007
}

@inbook{AgileSoftwareConstruction,
  author    = "John Hunt",
%  editor	= "London: Springer London",
  title     = "Agile Software Construction",
  chapter	= "9",
  pages	= "161-192",
  publisher = "London: Springer London",
  %volume	= "",
  %number	= "",
  %series	= "",
  %type	= "",
  %address= "",
  %edition= "",
  year	= "2006",
  %month	= "",
  %note	= "",
}
